@inproceedings{goodman,
  title={Tezos : A Self-Amending Crypto-Ledger Position Paper},
  author={L. M. Goodman},
  year={2014}
}

 @misc{preston-werner,
    title={Semantic Versioning 2.0.0},
    url={https://semver.org/}, 
    author={T. Preston-Werner}
} 

 @misc{ietf,
    title={RFC 1}, 
    url={https://tools.ietf.org/html/rfc1},
    journal={IETF Tools},
    author={S. Crocker},
    year={1969}
} 

 @misc{maharramov, 
    title={Dusk Network Economic Model Paper},
    author={T. Maharramov},
    year={2020},
    url={https://dusk.network/uploads/Dusk_Network_Economic_Paper-v1.01.pdf}
}
 @misc{maharramov1, 
    title={The Dusk Network Whitepaper},
    author={T. Maharramov and D. Khovratovich and E. Francioni},
    year={2021},
    url={https://dusk.network/uploads/The_Dusk_Network_Whitepaper_v3_0_0.pdf}    
} 

 @misc{zcash,
    title={The Zcash Foundation Community Governance Process}, 
    url={https://github.com/ZcashFoundation/Elections},
    author={Cincinnati, Josh},
    year={2019}
} 

@article{wang,
author = {Wang, Shuai and Ding, Wenwen and Li, Juanjuan and Yuan, Yong and Ouyang, Liwei},
year = {2019},
month = {09},
pages = {1-9},
title = {Decentralized Autonomous Organizations: Concept, Model, and Applications},
volume = {PP},
journal = {IEEE Transactions on Computational Social Systems},
doi = {10.1109/TCSS.2019.2938190}
}
